@article{ART002832837,
author={김은아 and 심우석 and 임수영 and 김형민 and 김규호},
title={라만분광분석법을 이용한 한국 고대 유리의 조성 분류},
journal={보존과학회지},
issn={1225-5459},
year={2022},
volume={38},
number={2},
pages={117-123}
}