@misc{2022Theory,
	note = {[Online; accessed 2023-11-08]},
	year = {2022},
	month = {oct 24},
	publisher = { },
	title = {Theory of {Raman} {Spectroscopy}},
}

@misc{2023Raman,
	note = {[Online; accessed 2023-11-08]},
	year = {2023},
	month = {mar 17},
	publisher = {Bates College},
	title = {Raman {Spectroscopy}},
}

@misc{2020Raman,
	note = {[Online; accessed 2023-11-08]},
	year = {2020},
	month = {nov 27},
	publisher = {University of Cambridge},
	title = {Raman {Active} {Modes}},
}

@misc{lorentzian,
    author = {Weisstein Eric W},
    title = {Lorentzian Function From MathWorld A Wolfram Web Resource}, 
    url = {https://mathworld.wolfram.com/LorentzianFunction.html}

 }